@book{Banerjeebook,
    author    = "Banerjee, S. and Carlin, B. P. and Gelfand, A. E.",
    title     = "Hierarchical Modeling and Analysis for Spatial Data",
    year      = "2014",
    publisher = "Chapman and Hall",
    edition   = "2nd",
    isbn = "1439819173"
    }
@article{Bernardo1979,
     jstor_articletype = {primary_article},
     title = {Reference Posterior Distributions for {B}ayesian Inference.},
     author = {Bernardo, J. M.},
     journal = {Journal of the Royal Statistical Society. Series B (Statistical Methodology)},
     pages = {113--147},
     volume= {41},
     year = {1979}
    }
@article{Cressie2008,
     jstor_articletype = {primary_article},
     title = {Some Diagnostics for {M}arkov Random Fields.},
     author = {Cressie, N. and Kapat, P.},
     journal = {Journal of Computational and Graphical Statistics},
     pages = {726--749},
     volume= {17},
     year = {2008}
    }
@article{Wall2002,
     jstor_articletype = {primary_article},
     title = {A close look at the spatial structure implied by the {CAR} and {SAR} models.},
     author = {Wall, M. M.},
     journal = {Journal of Statistical Planning and Inference},
     pages = {311--324},
     volume= {121},
     year = {2004}
    }
@article{Bell2000,
     jstor_articletype = {primary_article},
     title = {A {B}ayesian Analysis
of Spatial Processes With Application
to Disease Mapping.},
     author = {Bell, B. S. and Broemeling, L. D.},
     journal = {Statistics in Medicine},
     pages = {957--974},
     volume= {19},
     year = {2000}
    }
@article{Hepple1995a,
     jstor_articletype = {primary_article},
     title = {Bayesian Techniques in Spatial and Network Econometrics: 1. Model Comparison and Posterior Odds.},
     author = {Hepple, L. W.},
     journal = {Environment and Planning A},
     pages = {447--469},
     volume= {27},
     year = {1995}
    }
@article{Hepple1995b,
     jstor_articletype = {primary_article},
     title = {Bayesian Techniques in Spatial and Network Econometrics: 2. Computational Methods and Algorithms.},
     author = {Hepple, L. W.},
     journal = {Environment and Planning A},
     pages = {615--644},
     volume= {27},
     year = {1995}
    }
@article{Besag1995,
     jstor_articletype = {primary_article},
     title = {On Conditional and Intrinsic Autoregressions.},
     author = {Besag, J. and Kooperberg, C.},
     journal = {Biometrika},
     pages = {733--746},
     volume= {82},
     year = {1995}
    }
@article{Oliveira2012,
     jstor_articletype = {primary_article},
     title = {Bayesian analysis of conditional autoregressive models.},
     author = {De Oliveira, V.},
     journal = {Annals of the Institute of Statistical Mathematics},
     pages = {107--133},
     volume= {64},
     year = {2012}
    }
@article{Oliveira2008,
     jstor_articletype = {primary_article},
     title = {Bayesian analysis of simultaneous autoregressive models.},
     author = {De Oliveira, V. and Song, J. J.},
     journal = {Sankhya: The Indian Journal of Statistics, Series B},
     pages = {323--350},
     volume= {70},
     year = {2008}
    }
@article{Ren2014,
     jstor_articletype = {primary_article},
     title = {Objective {B}ayesian analysis for autoregressive models with nugget effects.},
     author = {Ren, C. and Sun, D.},
     journal = {Journal of Multivariate Analysis},
     pages = {260--280},
     volume= {124},
     year = {2014}
    }
@book{Ripley,
    author    = "Ripley, B. D.",
    title     = "Spatial Statistics",
    year      = "1981",
    publisher = "New York: Wiley"
    }
@ONLINE{diabetes,
     title = {New {M}exico Surveillance Data},
     author = {{Centers for Disease Control and Prevention}},
     month = {},
     url = {http://gis.cdc.gov/grasp/diabetes/DiabetesAtlas.html},
     year = {2012}
    }
@article{smoking,
     jstor_articletype = {primary_article},
     title = {Impact of cigarette smoking in type 2 diabetes development.},
     author = {Xie, X. and Liu, Q. and Wu, J. and Wakui, M},
     journal = {Acta Pharmacologica Sinica},
     pages = {784--787},
     volume= {30},
     year = {2009}
    }
@article{Sonksen2012,
     jstor_articletype = {primary_article},
     title = {Reference priors for constrained rate models of count data.},
     author = {Sonksen, M. D. and Peruggia, M.},
     journal = {Journal of Statistical Planning and Inference},
     pages = {3023--3036},
     volume= {142},
     year = {2012}
    }
@article{NichollsJones,
     jstor_articletype = {primary_article},
     title = {Radiocarbon dating with temporal order constraints.},
     author = {Nicholls, G. and Jones, M.},
     journal = {Journal of the Royal Statistical Society: Series C (Applied Statistics)},
     pages = {503--521},
     volume= {50},
     year = {2001}
    }
    @article{BergerBernardo1992,
     jstor_articletype = {primary_article},
     title = {On the Development of Reference Priors},
     author = {Berger, J. O. and Bernardo, J. M. },
     journal = {Bayesian Statistics 4},
     volume = {4},
     pages = {35--60},
     year = {1992}
    }
    @article{McDermott,
     jstor_articletype = {primary_article},
     title = {Estimation and Inference Concerning Ordered Means
in Analysis of Covariance Models With Interactions},
     author = {Morrissette, J. L. and McDermott, M. P. },
     journal = {Journal of the American Statistical Association},
     volume = {108},
     pages = {832--839},
     year = {2013}
    }
    @article{Gelfand2003,
     jstor_articletype = {primary_article},
     title = {Proper Multivariate Conditional Autoregressive Models for Spatial Data Analysis},
     author = {Gelfand, A. E. and Vounatsou, P. },
     journal = {Biostatistics},
     volume = {4},
     pages = {11--25},
     year = {2003}
    }
@article{KnorrRue2002,
     jstor_articletype = {primary_article},
     title = {On Block Updating in {Markov} Random Field Models for Disease Mapping},
     author = {Knorr-Held, L. and Rue, H. },
     journal = {Scandinavian Journal of Statistics},
     volume = {29},
     pages = {597--614},
     year = {2002}
    }

@article{Mardia1988,
     jstor_articletype = {primary_article},
     title = {Multi-Dimensional Multivariate {Gaussian Markov} Random Fields with Application to Image Processing.},
     author = {Mardia, K. V.},
     journal = {Journal of Multivariate Analysis},
     volume = {24},
     pages = {265--284},
     year = {1988}
    }

    @article{ZhangLu,
     jstor_articletype = {primary_article},
     title = {Adjusted confidence bands in nonparametric regression},
     author = {Zhang, G. and Lu, Y. },
     journal = {Communications in Statistics-Simulation and Computation},
     volume = {37},
     pages = {106--113},
     year = {2008}
    }

@article{ZhangGong,
     jstor_articletype = {primary_article},
     title = {Adjusted Confidence Bands for Complex Survey Data},
     author = {Zhang, G. and Gong, M. and Cheng, Y. },
     journal = {Communications in Statistics-Simulation and Computation},
     volume = {},
     pages = {avaiable online},
     year = {2014}
    }
@article{einstein,
    author =       "Albert Einstein",
    title =        "{Zur Elektrodynamik bewegter K{\"o}rper}. ({German})
        [{On} the electrodynamics of moving bodies]",
    journal =      "Annalen der Physik",
    volume =       "322",
    number =       "10",
    pages =        "891--921",
    year =         "1905",
    DOI =          "http://dx.doi.org/10.1002/andp.19053221004"
}



@book{latexcompanion,
    author    = "Michel Goossens and Frank Mittelbach and Alexander Samarin",
    title     = "The \LaTeX\ Companion",
    year      = "1993",
    publisher = "Addison-Wesley",
    address   = "Reading, Massachusetts"
}
 
@misc{knuthwebsite,
    author    = "Donald Knuth",
    title     = "Knuth: Computers and Typesetting",
    url       = "http://www-cs-faculty.stanford.edu/\~{}uno/abcde.html"
}
@article{Dews1958,
     jstor_articletype = {primary_article},
     title = {Stimulant actions of methamphetamine.},
     author = {Dews, P. B.},
     journal = {Journal of
Pharmacologya nd ExperimentalT herapeutic},
     pages = {137-147},
     volume= {122},
     year = {1958}
    }

@article{Heffner1974,
     jstor_articletype = {primary_article},
     title = {Amphetamine and operant behavior
in rats: Relationship between drug effect and control response rate.},
     author = {Heffner, T. G. and Drawbaugh, R. B. and Zigmond, M. J.},
     journal = {Journal of Comparative
and Physiological Psycholog},
     pages = {1031-1043},
     volume= {86},
     year = {1974}
    }
@article{Mack1981,
     jstor_articletype = {primary_article},
     title = {K-sample rank tests for umbrella alternatives.},
     author = {Mack, G. A. and Wolfe, D. A.},
     journal = {Journal of the
American Statistical Association},
     pages = {175-181.},
     volume= {76},
     year = {1981}
    }
@article{Lim1997,
     jstor_articletype = {primary_article},
     title = {Nonparametric Tests for Comparing
Umbrella Pattern Treatment Effects with
a Control in a Randomized Block Design.},
     author = {Lim, D. H. and Wolfe, D. A.},
     journal = {BIOMETRICS},
     pages = {410-418},
     volume= {53},
     year = {1997}
    }